<?xml version="1.0" encoding="UTF-8"?>
<Document xmlns:xsi="http://www.w3.org/2001/XMLSchema-instance" xmlns="urn:iso:std:iso:20022:tech:xsd:pain.001.001.03">
  <CstmrCdtTrfInitn>
    <GrpHdr>
      <!-- NOTE: Change the last number to reupload the file -->
      <MsgId>ZA100000001</MsgId>
      <CreDtTm>2024-04-05T10:30:00</CreDtTm>
      <NbOfTxs>1</NbOfTxs>
      <CtrlSum>200.00</CtrlSum>
      <InitgPty>
        <Nm>Your Company</Nm>
      </InitgPty>
    </GrpHdr>
    <PmtInf>
      <PmtInfId>1ddd</PmtInfId>
      <PmtMtd>TRF</PmtMtd>
      <BtchBookg>true</BtchBookg>
      <ReqdExctnDt>2024-04-05</ReqdExctnDt>
      <Dbtr>
        <Nm>Your Customer</Nm>
      </Dbtr>
      <DbtrAcct>
        <Id>
		<!-- NOTE: Change here to your IBAN -->
          <IBAN>LI980***********002E</IBAN>
        </Id>
      </DbtrAcct>
      <DbtrAgt>
        <FinInstnId>
		<!-- NOTE: Always the same Bank Frick BIC -->
          <BIC>BFRILI22</BIC>
        </FinInstnId>
      </DbtrAgt>
      <CdtTrfTxInf>
        <PmtId>
          <InstrId>Your unique ID</InstrId>
          <EndToEndId>Your EndtoEndId</EndToEndId>
        </PmtId>
        <PmtTpInf>
          <LclInstrm>
            <Prtry>CH03</Prtry>
          </LclInstrm>
        </PmtTpInf>
        <Amt>
          <InstdAmt Ccy="EUR">200.00</InstdAmt>
        </Amt>
        <!-- No need of Agt with IBAN -->
        <!--
          <CdtrAgt>
          <FinInstnId>
          <Nm>TEST Bank</Nm>
          <Othr>
          <Id>80-22-2</Id>
          </Othr>
          </FinInstnId>
          </CdtrAgt>
        -->
        <Cdtr>
          <Nm>Your Customer</Nm>
        </Cdtr>
        <CdtrAcct>
          <Id>
            <!-- Recipient IBAN -->
            <IBAN>DE96200800********6900</IBAN>
          </Id>
        </CdtrAcct>
		<RmtInf>
		<!-- Payment reference -->
		<Ustrd>Payment Reference</Ustrd>
		</RmtInf>
      </CdtTrfTxInf>
    </PmtInf>
  </CstmrCdtTrfInitn>
</Document>