<?xml version="1.0" encoding="UTF-8"?>
<Document xmlns:xsi="http://www.w3.org/2001/XMLSchema-instance"
          xmlns="urn:iso:std:iso:20022:tech:xsd:pain.001.001.03">
    <CstmrCdtTrfInitn>
        <GrpHdr>
            <!-- NOTE: Change the last number to reupload the file -->
            <MsgId>Domestic_IBAN-1001</MsgId>
            <CreDtTm>2024-05-16T08:00:00</CreDtTm>
            <NbOfTxs>1</NbOfTxs>
            <CtrlSum>100.00</CtrlSum>
            <InitgPty>
                <Nm>Your Company</Nm>
            </InitgPty>
        </GrpHdr>
        <PmtInf>
            <PmtInfId>1</PmtInfId>
            <PmtMtd>TRF</PmtMtd>
            <BtchBookg>true</BtchBookg>
            <!-- NOTE: Must be today or a future date -->
            <ReqdExctnDt>2025-01-15</ReqdExctnDt>
            <Dbtr>
                <Nm>Your Customer</Nm>
            </Dbtr>
            <DbtrAcct>
                <Id>
                    <!-- NOTE: Replace with a syntactically valid IBAN of your account -->
                    <IBAN>LI12XXXX0000000000XXX</IBAN>
                </Id>
            </DbtrAcct>
            <DbtrAgt>
                <FinInstnId>
                    <!-- NOTE: Always the same Bank Frick BIC -->
                    <BIC>BFRILI22</BIC>
                </FinInstnId>
            </DbtrAgt>
            <CdtTrfTxInf>
                <PmtId>
                    <InstrId>Your unique ID_1</InstrId>
                    <EndToEndId>Your EndtoEndId_1</EndToEndId>
                </PmtId>
                <PmtTpInf>
                    <LclInstrm>
                        <Prtry>CH03</Prtry>
                    </LclInstrm>
                </PmtTpInf>
                <Amt>
                    <!-- Domestic foreign currency (example GBP) -->
                    <InstdAmt Ccy="GBP">100.00</InstdAmt>
                </Amt>
                <Cdtr>
                    <Nm>Your Customer</Nm>
                    <!-- For foreign currencies like GBP, creditor address is required -->
                    <PstlAdr>
                        <StrtNm>Example Street</StrtNm>
                        <BldgNb>1</BldgNb>
                        <PstCd>8000</PstCd>
                        <TwnNm>Zurich</TwnNm>
                        <Ctry>CH</Ctry>
                    </PstlAdr>
                </Cdtr>
                <CdtrAcct>
                    <Id>
                        <!-- Recipient IBAN in CH/LI -->
                        <IBAN>CH0200781125534343504</IBAN>
                    </Id>
                </CdtrAcct>
                <RmtInf>
                    <!-- Payment reference -->
                    <Ustrd>Payment Reference</Ustrd>
                </RmtInf>
            </CdtTrfTxInf>
        </PmtInf>
    </CstmrCdtTrfInitn>
</Document>
