<?xml version="1.0" encoding="UTF-8"?>
<Document xmlns:xsi="http://www.w3.org/2001/XMLSchema-instance" xmlns="urn:iso:std:iso:20022:tech:xsd:pain.001.001.03">
  <CstmrCdtTrfInitn>
    <GrpHdr>
	<!-- NOTE: Change the last number to reupload the file -->
      <MsgId>za3-IBAN-1001</MsgId>
      <CreDtTm>2021-09-28T14:00:00</CreDtTm>
      <NbOfTxs>1</NbOfTxs>
      <CtrlSum>123.50</CtrlSum>
      <InitgPty>
        <Nm>Test Company(Remitter)</Nm>
      </InitgPty>
    </GrpHdr>
    <PmtInf>
      <PmtInfId>1</PmtInfId>
      <PmtMtd>TRF</PmtMtd>
      <BtchBookg>true</BtchBookg>
      <ReqdExctnDt>2022-12-15</ReqdExctnDt>
      <Dbtr>
        <Nm>Test Company(Remitter)</Nm>
      </Dbtr>
      <DbtrAcct>
        <Id>
		<!-- NOTE: Change here to your IBAN -->
          <IBAN>LI47088110104056K000E</IBAN>
        </Id>
      </DbtrAcct>
      <DbtrAgt>
        <FinInstnId>
		<!-- NOTE: Always the same Bank Frick BIC -->
          <BIC>BFRILI22</BIC>
        </FinInstnId>
      </DbtrAgt>
      <CdtTrfTxInf>
        <PmtId>
          <InstrId>1-1</InstrId>
          <EndToEndId>1-1</EndToEndId>
        </PmtId>
        <Amt>
          <InstdAmt Ccy="GBP">123.50</InstdAmt>
        </Amt>
        <CdtrAgt>
          <FinInstnId>
            <!-- V2: BIC Inland -->
            <BIC>DRESDEFF200</BIC>
          </FinInstnId>
        </CdtrAgt>
        <Cdtr>
          <Nm>Test Person</Nm>
        </Cdtr>
        <CdtrAcct>
          <Id>
            <!-- Recipient IBAN -->
            <IBAN>DE96200800000911006900</IBAN>
          </Id>
        </CdtrAcct>
      </CdtTrfTxInf>
    </PmtInf>
  </CstmrCdtTrfInitn>
</Document>